@misc{wls,
	author = {Angelo J. Canty},
	title = {Lecture notes on weighted least square},
	howpublished = {\url{https://ms.mcmaster.ca/canty/teaching/stat3a03/Lectures7.pdf}},
	year = {},
	note = {[Accessed 03-09-2024]},
}

@misc{Larry,
	author = {Larry Wasserman},
	title = {Modern regression lecture notes},
	howpublished = {\url{https://www.stat.cmu.edu/~larry/=stat401/}},
	year = {},
	note = {[Accessed 03-09-2024]},
}