@misc{https://hdl.handle.net/11676/XESY-JxtNIMxXKat66tMUD9y,
  author={Heliasz, Michal and Kljun, Natascha and Biermann, Tobias and Holst, Jutta and Holst, Thomas and Linderson, Maj-Lena and Mölder, Meelis and Rinne, Janne},
  title={ETC L2 Fluxes, Hyltemossa, 2017-12-31–2023-12-31},
  year={2024},
  url={https://hdl.handle.net/11676/XESY-JxtNIMxXKat66tMUD9y},
  publisher={Ecosystem Thematic Centre},
  copyright={http://meta.icos-cp.eu/ontologies/cpmeta/icosLicence},
  pid={11676/XESY-JxtNIMxXKat66tMUD9y}
}



@misc{https://hdl.handle.net/11676/G6RuDZf-v0-Kym20ToJrmwf5,
  author={Mölder, Meelis and Kljun, Natascha and Lehner, Irene and Bergström, Gunnar and Båth, Anders and Holst, Jutta and Linderson, Maj-Lena},
  title={ETC L2 Meteo, Norunda, 2017-12-31–2023-12-31},
  year={2024},
  url={https://hdl.handle.net/11676/G6RuDZf-v0-Kym20ToJrmwf5},
  publisher={Ecosystem Thematic Centre},
  copyright={http://meta.icos-cp.eu/ontologies/cpmeta/icosLicence},
  pid={11676/G6RuDZf-v0-Kym20ToJrmwf5}
}


